2159 3425
491 104 1837 207 '226JACOB'1T0LL‘11

492 236 680 305 ‘quam
696 218 1036 302 opportune
1053 261 1074 291 ‚
1100 226 1187 275 ·ut
1209 211 1385 280 vistis
1414 213 1624 297 infigni
1646 217 1854 299 praelio
1871 214 2011 287 An-

489 303 648 387 ‘glis‚
709 298 935 383 captivi
954 296 1227 362 nonnulli
1262 296 1557 381 ergastulo
1575 299 1779 363 nostro
1806 302 2009 385 publi-

496 392 576 449 'co
609 383 1057 449 includerentur
1089 380 1463 451 affervan'dit
1502 402 1659 470 quos
1674 382 1819 447 dum
1856 388 2012 458 viso,

490 466 740 542 offendo,
763 467 925 530 inter
964 486 1069 529 eos
1122 464 1566 529 adolescentem
1588 469 1872 533 nonnulla
1886 472 2011 535 lin-

489 550 620 639 quae
641 551 878 615 Latinae
897 547 1255 631 cognitione
1288 549 1617 615 imbutum.
1675 553 2009 620 Natalibus

447 635 465 650 ‘
487 636 618 715 ejus
636 656 706 698 ac
725 630 1209 715 studiis‘cognitis
1223 679 1244 710 ,
1288 632 1596 696 misertum
1611 634 1693 697 est
1714 635 1874 699 illius
1896 636 2007 719 in-

490 715 826 791 felicitatis:
863 712 1239 783 sublevandae
1271 716 1576 780 intentum
1600 738 1670 781 ea
1699 738 1801 783 me
1817 720 2005 785 subiit

488 800 817 885 cogitatio,
860 798 1020 881 poffe
1042 799 1131 861 illi
1151 820 1257 883 per
1273 798 1550 863 libellum
1570 802 1898 885 supplicem
1925 804 1997 868 li-

371 884 378 892 ’
485 880 793 950 bertatem
805 881 843 963 ὲ
867 880 1225 947 Consulibus
1242 882 1453 945 nostris
1475 881 1807 969 impetrari.
1841 886 2005 951 Scri·

481 966 564 1061 pfi
585 968 772 1049 igitur
806 966 963 1031 hanc
990 964 1318 1056 ‘epistolam
1337 1013 1360 1044 ‚
1400 972 1606 1053 ‘ut'qne
1658 968 2000 1033 consulibus

479 1052 658 1133 tpfius
675 1044 864 1133 Angli
886 1050 1133 1112 nomine
1148 1049 1486 1111 traderetur
1517 1050 1593 1111 ab
1628 1051 1898 1132 Optimo
1924 1056 1995 1119 &

484 1133 878 1215 Ampliffimo
896 1132 1057 1196 Viro
1092 1130 1579 1195 D.AEM1LIO
1636 1134 1998 1201 COOLIO

478 1214 836 1299 impetravi,
878 1236 1059 1301 quem
1084 1214 1180 1275 sua
1212 1215 1439 1289 virtuS,
1483 1212 1728 1279 funestis
1762 1214 1883 1279 illis
1918 1219 1999 1281 li·

479 1296 920 1382 bertatipatriae
939 1296 1189 1362 furentis
1225 1296 1416 1383 plebis
1447 1295 1842 1375 tumultibuS,
1880 1320 1997 1365 an-

478 1402 562 1445 no
581 1397 705 1448 cm
724 1400 799 1449 10
826 1397 1087 1447 ctxxn.
1118 1381 1471 1452 cedentem,
1514 1378 1675 1443 inter
1703 1382 1991 1465 praeclara,

478 1466 662 1529 nostri
685 1465 863 1531 seculi
883 1466 1110 1530 decora
1133 1483 1317 1551 atque
1350 1482 1709 1527 ornamenta
1724 1466 1992 1531 colloca-

476 1548 611 1614 vit:
655 1550 824 1633 cujus
843 1549 1159 1613 eximiisin
1186 1568 1373 1632 remp.
1404 1546 1645 1611 meritis
1680 1549 1748 1611 &
1777 1566 1994 1633 perpe⁴

475 1648 594 1695 tuae
633 1652 774 1712 erga
799 1652 900 1696 me
937 1631 1369 1697 benivolentiae
1392 1676 1410 1705 ,
1454 1632 1493 1694 si
1526 1652 1638 1707 qua
1678 1629 1834 1694 mihi
1870 1652 1989 1696 un-

493 1725 653 1779 'uam
665 1715 920 1796 [austriam
935 1720 1241 1776 Batavorum
1259 1717 1401 1778 Vitas
1425 1714 1718 1779 scribendi
1738 1713 1993 1782 facultas

515 1799 720 1864 abitur
741 1847 760 1876 ,
807 1798 1073 1862 debitam
1108 1796 1305 1860 laudis
1321 1795 1387 1860 in
1406 1819 1655 1863 omnem
1684 1798 1981 1864 duraturae

469 1883 884 1968 posteritatem
940 1879 1205 1964 gratiam
1258 1880 1590 1973 rependam
1627 1906 1649 1958 3
1706 1901 1847 1945 cum
1906 1887 1980 1948 &

373 2015 378 2019 ,
472 1965 729 2032 CAN-T
732 1967 798 2029 11
831 1965 954 2026 mei
973 1981 1183 2027 manes
1215 1963 1574 2028 revirescere
1596 1983 1835 2048 partam
1861 1966 1987 2031 vir-

471 2049 701 2113 tutibus
756 2048 872 2111 suis
917 2046 1181 2130 gloriam
1249 2045 1549 2123 sentient,
1593 2051 1770 2130 seque
1814 2049 1979 2114 inter

471 2132 766 2193 candidiores
795 2145 912 2190 notae
926 2149 1209 2216 proceres
1242 2128 1589 2213 gaudebunt
1619 2131 1977 2198 memorati.

469 2212 629 2290 Sed,
675 2233 743 2276 ut
761 2213 918 2276 unde
953 2211 1443 2290 Digreffussum‚
1486 2233 1796 2289 revertar,
1842 2217 1988 2280 De·-

469 2297 759 2381 prehensa
777 2296 1159 2358 tuminvidia
1175 2293 1279 2359 est.
1316 2291 1491 2378 Quid
1529 2313 1737 2357 autem
1762 2295 1985 2362 decre·

468 2399 602 2443 tum
657 2377 838 2443 fuerit
867 2424 884 2451 ,
947 2378 1096 2464 quid
1129 2377 1369 2449 adium.
1427 2375 1785 2440 indecorum
1812 2379 1977 2444 mihi

465 2463 536 2526 fit
571 2485 891 2548 exponere.
950 2467 1095 2528 Hoc
1125 2481 1365 2527 tantum
1400 2461 1602 2526 dicam
1630 2508 1653 2537 ,
1694 2462 1985 2546 ampliffi-

466 2567 642 2611 mum
691 2570 790 2612 me
819 2566 962 2610 tunc
991 2547 1273 2628 laborum
1310 2566 1594 2610 meorum
1612 2544 1829 2629 cepiffe
1846 2544 1979 2610 fru-

465 2627 627 2692 stum
660 2679 681 2708 ‚
723 2631 1141 2711 invidiamque
1188 2649 1425 2692 veneno
1450 2633 1592 2703 suc,
1628 2630 1793 2712 quod
1824 2628 1975 2692 effu-

458 2714 586 2774 sum
615 2713 917 2776 resorbere
953 2711 1286 2792 cogebatur
1312 2757 1328 2782 ,
1370 2710 1743 2774 acerbiffime
1796 2711 1973 2776 casti-

456 2795 634 2878 g'affe.
683 2793 845 2858 Dabi
852 2795 974 2875 sigi
983 2813 1076 2856 tur
1094 2793 1415 2856 communi
1437 2792 1761 2858 hominum
1783 2795 1963 2874 vitio,

449 2877 615 2962 quod
651 2922 668 2946 ,
714 2897 842 2960 quae
877 2877 1136 2937 multam
1174 2875 1325 2939 mihi
1360 2877 1967 2962 quondamvolupta-

447 2977 574 3023 tem
636 2958 883 3029 attulit,
943 2958 1289 3039 epistolam,
1336 2957 1501 3026 forte
1546 2981 1691 3026 cum
1724 2961 1971 3026 chartas

456 3042 774 3111 nonnullas
813 3040 1155 3128 pervestigo
1169 3053 1209 3124 ,·
1248 3041 1519 3111 oblatam
1587 3063 1801 3111 amore
1843 3043 1987 3190 aida

488 3147 500 3158 ‘
605 3143 645 3182 -’
1191 3169 1202 3178 .
1897 3148 1968 3192 u-
