2159 3425
511 86 1883 195 „sJAoontTonttr

519 230 620 275 me
639 250 664 278 ‚
707 208 903 293 gentis
931 206 1141 281 nostrae
1174 204 1378 269 clades
1396 205 1690 280 involvit,
1728 205 1888 290 justae
1916 210 2038 275 do-'
2122 202 2132 217 ¹

517 292 685 359 lendi
705 292 926 358 causae:
975 289 1240 353 habeant
1271 289 1563 373 parentis,
1604 292 2035 375 quorumfiliia

522 397 641 440 una
656 395 900 441 mecum
918 360 1165 443 libertas
1184 390 1389 457 erepta
1402 373 1486 437 est
1504 418 1527 449 ,
1569 393 1672 437 cur
1690 373 2034 445 inclemenv

523 476 623 522 ter
655 456 912 523 fortunae
943 455 1189 520 dicant:
1234 458 1472 522 Verum
1508 455 1603 519 illi
1636 455 1853 541 absque
1887 480 2034 523 con-

522 542 842 614 troversia,
874 538 1458 625 justiffimiplancffls'
1482 540 1614 602 sunt
1642 586 1661 614 ‚
1702 540 1804 604 ille
1838 540 2035 606 luctus

514 624 965 700 ‘finc’eriffimus‚
1012 622 1115 707 qui
1148 621 1304 686 nihil
1330 642 1592 709 unquam
1613 623 1735 688 tale
1756 644 2033 693 comme-.-

419 760 423 764 .
521 706 658 772 ritis
677 706 947 790 adeoque
961 726 1074 771 nec
1091 703 1481 789 opinantibus
1504 725 1716 788 praeter
1729 706 1819 771 fas
1838 708 2036 793 expri-

520 797 787 855 muntur.
833 788 1074 851 Miserit
1089 788 1241 853 alios
1272 786 1352 851 ad
1388 790 1509 853 hoc
1534 789 1761 854 bellum
1791 790 2033 855 abomi-

525 872 736 937 nandae
756 872 933 936 caedis
952 869 1216 935 aviditas
1236 894 1253 931 ε
1295 869 1448 935 alios
1468 870 1596 936 auri
1615 876 1772 938 sacta
1792 871 1993 939 fames
2006 900 2029 947 ς
2107 891 2114 898 ·

523 955 1105 1037 'aliosinanisgloriae
1127 954 1394 1099 ctitpidm
1434 972 1571 1027 aut,
1611 977 1737 1049 quae
1759 953 2033 1021 bellandi

526 1042 700 1103 causa
716 1038 1175 1122 speciofiffimae
1240 1085 1259 1114 ,
1301 1058 1477 1100 arnor
1492 1056 1744 1120 patnae:
1795 1040 1904 1103 Me
1922 1060 2037 1123 pa·-

527 1123 661 1185 triis
685 1120 996 1204 praeceptis
1025 1119 1103 1187 ad
1173 1140 1340 1181 acem
1371 1118 1771 1183 informatum
1796 1124 1813 1184 ἐ
1854 1120 2033 1207 (quid

526 1205 695 1269 enim
721 1224 918 1288 praeco
932 1204 1094 1289 pacis
1128 1142 1320 1265 filium
1358 1200 1461 1263 nifi
1479 1198 1845 1265 charitatem
1865 1248 1882 1275 ,
1926 1226 2034 1268 cu-

527 1286 621 1370 jus
656 1288 899 1351 alumna
935 1308 1048 1371 pax
1094 1284 1229 1354 ests
1254 1284 1541 1349 docuisset
1559 1286 1621 1358 ἓ)
1681 1304 1782 1349 me
1861 1284 2037 1351 atriis

528 1370 782 1435 monitis
801 1370 877 1433 ad
898 1390 1111 1453 pacem
1130 1366 1430 1431 imbutum
1452 1364 1769 1431 auctoritas
1855 1367 1993 1455 egia
2010 1417 2035 1447 ‚

527 1456 630 1517 seu
645 1453 902 1535 ministri,
912 1453 1116 1538 potius
1144 1452 1327 1538 Regii
1350 1450 1435 1515 nil
1457 1472 1577 1515 non
1593 1473 1628 1515 e
1642 1450 1900 1516 libidine
1922 1455 2035 1527 ,sua

525 1534 920 1601 'moderantes
939 1585 962 1613 ,
1000 1536 1063 1599 in
1086 1558 1301 1599 navem
1326 1534 1664 1618 coniecere.
1713 1536 1916 1599 Notus
1944 1533 2031 1599 est

526 1618 630 1685 ille
649 1620 810 1682 dirus
823 1619 1021 1703 gentis
1037 1619 1245 1682 nostrae
1263 1639 1429 1683 mos:
1466 1619 1737 1684 volentes
1756 1618 2035 1681 nolentes

530 1701 828 1788 pecudum
854 1702 1030 1766 instar
1049 1702 1205 1768 abiis
1224 1700 1767 1788 abigimur,quibus
1798 1702 2034 1767 alienus

529 1785 762 1870 sanguis
784 1787 966 1856 nimis
987 1786 1121 1852 vilis
1136 1787 1239 1852 est.
1284 1787 1372 1852 Hi
1396 1807 1497 1852 me
1528 1785 2032 1868 Pharmacopolae

531 1869 598 1932 in
617 1869 758 1932 artis
775 1868 1179 1932 rudimentum
1197 1867 1599 1933 famulantem
1621 1868 1699 1932 ad
1730 1869 1851 1933 hoc
1886 1867 2031 1931 mali

533 1949 994 2034 compulerunt,
1033 1967 1323 2012 utmanus
1340 1949 1587 2012 humani
1626 1953 1868 2034 generis
1882 1951 2033 2014 salu-

533 2035 583 2098 ti
605 2033 924 2097 destinatas
952 2051 1165 2095 cruore
1202 2050 1442 2094 tantum
1468 2033 1790 2096 -non'civili
1828 2054 2036 2097 macu-

530 2117 746 2182 larem.
791 2115 1193 2200 Praeterquam
1230 2113 1438 2189 enim,
1525 2112 1649 2177 uod
1679 2134 1894 2179 omnes
1924 2117 2036 2180 ho·

531 2201 728 2260 mines
765 2196 936 2276 hujus
971 2197 1223 2262 univerfi
1252 2196 1431 2260 cives
1462 2194 1542 2259 ai
1586 2215 1836 2262 uatenus
1868 2198 2035 2282 posse

535 2280 661 2341 dici
679 2278 961 2342 videntur
989 2289 1014 2358 “,
1057 2279 1181 2343 illis
1210 2299 1419 2344 tamen
1453 2300 1559 2343 mu
1584 2299 1649 2342 to
1673 2281 1884 2360 magis
1912 2281 2041 2346 hoc

536 2382 761 2426 nomen
801 2362 1146 2446 competit,
1188 2363 1402 2448 quibus
1442 2361 1658 2428 eadem
1690 2362 1767 2425 de
1792 2363 1939 2429 Deo
1965 2385 2040 2430 ac

535 2445 758 2510 divinis
777 2444 989 2530 opinio
1009 2497 1029 2526 ‚
1073 2446 1291 2510 eadem
1321 2445 1567 2512 colendi
1605 2446 1759 2512 ratio
1782 2493 1803 2523 ,
1849 2465 2035 2532 atque

532 2552 652 2594 una
672 2531 827 2616 quafi
845 2531 1165 2596 Sacrorum
1184 2529 1394 2596 civitas
1409 2529 1509 2595 est.
1554 2534 1648 2596 Ite
1669 2551 1845 2603 nunc,
1865 2530 2039 2612 queis

535 2613 708 2678 lubet
725 2662 745 2689 ,
791 2617 856 2679 &
880 2615 1090 2679 discite
1108 2615 1294 2678 bonas
1312 2636 1469 2680 artes
1484 2661 1505 2691 ‚
1543 2633 1692 2698 quas
1705 2633 1851 2676 mox
1866 2611 2039 2676 nefa-

536 2695 636 2758 rio
670 2695 915 2760 fortuna
944 2697 1162 2762 scelere
1184 2698 1579 2760 contaminet.
1630 2693 1846 2778 Longe
1875 2695 2035 2760 mihi

547 2783 554 2790 ’
582 2797 858 2840 arentum
878 2800 1019 2842 vota
1043 2827 1063 2854 ,
1106 2780 1285 2860 longe
1308 2779 1448 2842 data
1479 2775 1681 2841 studiis
1717 2795 2034 2860 tempora,

564 2879 721 2942 onge
741 2880 912 2922 mens
938 2861 1084 2924 resti
1099 2861 1331 2924 conscia
1348 2909 1367 2936 ,
1411 2865 1477 2926 δε
1496 2880 1641 2944 pura
1656 2859 1808 2924 labis
1828 2884 1844 2925 ε
1868 2861 2039 2926 bello

539 2941 778 3025 captus,
820 2941 1014 3006 eheu!
1057 2962 1301 3026 captus,
1340 2943 1403 3008 in
1427 2964 1665 3010 carcere
1692 2991 1713 3020 ‚
1755 2943 1816 3006 in
1862 2963 2041 3008 com-

541 3024 835 3111 pedibus,
871 3025 1250 3094 intersontes
1268 3027 1566 3100 detineor.
1628 3025 1872 3099 Poffent
1907 3026 2042 3177 hage

1514 3115 1544 3132 ⁸*
1744 3115 1753 3122 '
1808 3141 1820 3150 ·
1879 3108 1963 3174 mi
2017 3112 2042 3180 ῐ
