2159 3425
433 126 563 211 '2338
652 114 889 205 JA.C
935 112 1180 183 0131
1240 114 1796 193 'TsoL-Lll

521 224 854 293 confilium
893 236 1026 287 erat
1057 218 1449 286 Mithridatis
1495 242 1532 285 e
1590 224 1849 293 Colchis
1882 228 1968 295 in

435 310 770 380 Tauricam
791 307 1046 377 transire
1081 304 1561 385 Chersonesum,
1600 324 1786 393 atque
1819 310 1966 379 inae

432 392 840 461 transmittere
878 389 946 451 in
994 386 1329 453 Thraciam
1371 411 1415 452 ε.
1438 396 1759 477 peragrata
1806 416 1963 471 vero

435 477 770 551 Thracia,
821 470 1231 549 Macedonia,
1290 474 1626 539 &Gi-:ecia
1674 476 1956 541 consensa

434 558 842 629 rurfiisclasse,
883 578 1013 641 quae
1032 576 1141 639 per
1156 556 1603 641 Propontidem
1622 562 1691 624 &
1727 561 1954 625 Holle-

431 650 711 731 spontum
732 640 904 704 recto
917 640 1088 703 cursu
1119 637 1279 703 circa
1298 641 1704 725 Apolloniam
1724 642 1946 727 ipsum,

433 747 542 795 aut
585 722 992 809 Dyrrachium
1023 770 1043 799 ,
1081 722 1361 788 vicinave
1412 722 1660 804 littora,
1704 726 1956 812 opperi-

432 830 638 887 retur,
679 809 885 891 legere
907 804 1131 870 Siciliae
1148 806 1397 883 littora,
1418 824 1774 895 terroreque
1808 830 1955 893 pro-

429 893 645 959 vincia:
663 890 822 977 quasi
835 888 1179 953 suburbanae
1210 888 1437 968 injefito
1452 937 1477 968 ‚
1516 890 1579 954 in
1608 891 1729 975 ipsa
1762 894 1954 956 Cam-

429 978 612 1062 pania
627 971 1283 1067 exponere-exercitum
1296 1021 1318 1051 ,
1356 980 1537 1063 atque
1557 972 1645 1038 ita
1670 974 1949 1041 Romam

430 1081 681 1146 pergere
698 1105 720 1135 ,
759 1058 824 1122 in
839 1075 1216 1141 opinatoque
1234 1078 1371 1119 eam
1389 1056 1622 1139 impetu
1636 1058 1951 1143 opprime-

427 1162 519 1207 re.
582 1139 872 1206 Occurrit
897 1137 1118 1217 eodem
1152 1140 1353 1221 capite
1385 1140 1585 1201 multo
1609 1142 1801 1203 etiam
1822 1142 1953 1205 dif..

429 1224 649 1289 ficilior
677 1224 846 1287 lo'cns·
877 1270 898 1299 ,
942 1240 1123 1307 quem
1155 1220 1355 1284 nescio
1381 1239 1699 1286 autentare
1734 1224 1953 1289 ausim:

430 1306 553 1373 Sed
569 1306 712 1395 quid
737 1326 915 1369 nocet
927 1300 1215 1367 tentass'e?
1260 1322 1383 1367 non
1404 1302 1569 1375 enim
1592 1324 1688 1369 res
1724 1305 1949 1391 capitis

429 1391 553 1471 est,
594 1388 696 1455 sed
726 1388 959 1452 honesti
982 1386 1411 1473 laudabilisque
1444 1386 1619 1451 studii
1638 1436 1659 1466 ,
1701 1388 1804 1453 ubi
1836 1387 1950 1453 abL

429 1474 619 1539 fuerit
633 1471 966 1541 temeritas.
1011 1471 1507 1555 Hierosolymam
1524 1519 1543 1548 ,
1572 1471 1771 1557 inquit
1790 1520 1806 1547 ‚
1831 1473 1945 1538 de-

427 1556 681 1626 fendere
712 1574 1023 1620 tentavere
1053 1552 1254 1700 AEudaei
1289 1580 1304 1616 ε
1360 1575 1571 1619 verum
1604 1555 1761 1619 hanc
1788 1554 1947 1641 quo‘-{

428 1638 548 1736 que
563 1638 811 1702 intravit
830 1684 851 1715 ,
898 1641 964 1702 &
988 1636 1048 1701 vi
1100 1638 1149 1701 't
1164 1636 1314 1701 illud
1330 1636 1558 1722 grande
1574 1637 1775 1723 impiae
1792 1661 1944 1728 gen-

423 1741 804 1788 tisarcanum
844 1733 1055 1806 patens
1076 1771 1097 1799 ,
1142 1723 1245 1786 sub
1280 1743 1467 1787 aureo
1500 1722 1585 1786 uti
1605 1723 1770 1788 caelo.
1830 1721 1947 1811 Li‘?

427 1807 578 1892 plius
593 1806 952 1892 valdequam
971 1805 1281 1888 ingeniose
1306 1806 1656 1886 conjecerat
1675 1847 1693 1876 ,
1719 1805 1817 1886 fieb
1846 1829 1944 1864 au-

423 1911 510 1950 reo
523 1897 674 1949 vitem
689 1891 815 1948 caelo.
857 1891 1022 1953 Nam
1043 1888 1108 1951 in
1126 1887 1354 1950 Tacito
1368 1889 1568 1970 legas;
1596 1887 1833 1969 ⁴Vitisque
1846 1910 1946 1946 au-

421 1993 512 2031 rea
553 1970 727 2046 templo
765 1977 980 2049 rep'erta.
1040 1973 1321 2047 Voffius,
1362 1971 1588 2057 aliique
1628 1971 1944 2056 vulgatam

424 2048 784 2115 defendunt.
821 2049 922 2112 alii
940 2053 1050 2109 velo
1077 2050 1457 2123 substituunt3
1490 2052 1595 2116 alii
1624 2057 1747 2112 cido.
1798 2055 1950 2118 Hoc.

423 2135 586 2198 mihi
609 2151 816 2196 tamen
833 2130 1040 2196 videre
1058 2133 1273 2198 videor
1292 2182 1312 2212 ,
1332 2127 1379 2198 ‘b‘
1387 2151 1559 2213 patens
1574 2134 1652 2198 ad
1690 2135 1947 2219 sequens

425 2236 675 2280 comma
705 2212 1099 2278 referendum
1134 2240 1151 2280 ι
1212 2218 1279 2280 &
1318 2239 1353 2278 a
1386 2214 1585 2300 priore
1628 2217 1683 2280 se
1726 2238 1949 2302 regan-

427 2289 617 2363 dum:
673 2295 816 2360 dein
849 2295 998 2360 illud
1021 2303 1129 2365 uti,
1167 2297 1425 2368 velatis,
1468 2300 1629 2362 utin
1704 2299 1939 2363 almafii

426 2379 638 2450 codice
669 2398 833 2448 erat,
865 2398 1105 2475 partem
1143 2379 1258 2446 effe
1290 2399 1583 2464 corruptae
1616 2380 1784 2445 vocis
1821 2402 1941 2464 pro

425 2475 542 2529 uris.
619 2463 776 2549 Legi
805 2462 990 2550 igltur
1005 2467 1219 2549 poffit:
1266 2470 1341 2526 (9⁸
1358 2463 1485 2523 vidit
1498 2463 1617 2532 Wud
1626 2463 1817 2543 grande
1843 2471 1945 2540 ivn-5

417 2555 517 2628 piae
561 2556 672 2627 entiq
684 2570 914 2610 arcamm
930 2589 950 2617 ‚
977 2566 1153 2630 patens
1178 2547 1244 2608 ab
1258 2552 1495 2627 aperturis
1507 2546 1668 2605 caelum
1680 2580 1700 2619 ‚-
1740 2544 1825 2602 vel
1836 2561 1944 2632 pa-

425 2637 544 2684 tenti
576 2649 632 2685 us
657 2635 898 2706 aperturis
928 2627 1095 2686 caelum
1126 2650 1140 2686 ε
1178 2644 1322 2700 aut,
1370 2623 1413 2688 fi
1486 2623 1575 2690 uis
1602 2621 1689 2686 ita
1718 2623 1895 2684 malit
1916 2661 1939 2694 ‚

423 2723 590 2786 patens
597 2724 687 2785 per
701 2724 956 2784 aperturas·
971 2708 1157 2766 caelum.
1198 2709 1430 2788 Aperta
1487 2705 1625 2768 uiffe
1656 2724 1939 2769 veterum

427 2790 610 2874 adyta
631 2835 648 2864 ,
689 2793 786 2852 seu
803 2785 1004 2872 potius
1018 2789 1345 2855 subdivalia
1362 2837 1383 2866 ‚
1414 2789 1617 2852 notius
1628 2787 1734 2866 est,
1752 2809 1939 2883 quam

428 2889 494 2936 ut
500 2870 748 2966 probari
777 2872 1003 2934 necesse
1033 2871 1275 2940 habeat.
1324 2874 1425 2938 De
1456 2876 1742 2952 ‹Ape-nuris
1761 2891 1825 2934 m
1842 2871 1943 2933 sa-

431 2977 550 3020 cris
599 2953 820 3034 aedibus
849 2953 1143 3020 videndus
1188 2956 1273 3020 est
1324 2956 1643 3024 Vitruvius
1680 2954 1787 3018 lib.
1839 2975 1937 3026 lv.

435 3039 602 3108 Rem
629 3039 819 3125 ipsam
847 3035 1012 3124 quod
1041 3037 1265 3106 attinet
1301 3079 1324 3116 ‚
1352 3039 1441 3106 de
1468 3060 1543 3120 ea
1568 3039 1659 3104 ita
1682 3036 1957 3182 Fre-§ula

494 3159 500 3166 ·
1747 3140 1789 3202 p
1836 3138 1942 3215 ηε,
