2159 3425
441 95 1321 176 FoRTU-l'rAEf
1412 172 1421 179 ,
1510 106 1649 193 2527:

106 220 334 286 dutstus
373 219 464 281 im
509 196 776 295 ortuno,
813 215 984 279 inter·
1003 212 1177 277 hasce
1212 212 1393 299 hujus
1432 216 1638 282 seme-'-

107 304 250 369 stris
285 300 456 365 subce
479 310 616 367 iv'as
635 348 657 377 ‚
703 305 780 365 &v
801 295 1275 380 subsecundarias
1308 318 1633 365 commen-

119 384 396 471 tationes
417 382 721 468 Fortuitis
733 382 886 447 m'eis
900 380 1271 447 inseruerim.
1626 378 1634 385 ’

278 488 502 555 PRO
535 487 918 563 ANGLO
964 487 1511 555 CAPTIVO.

217 574 281 639 Si
301 572 446 659 quid
469 570 632 636 dete·
651 614 674 647 ,
717 570 1000 649 fortuna,
1039 572 1328 657 conqueri
1353 570 1498 636 licet
1516 616 1533 642 ,
1580 590 1654 636 ea

129 658 294 721 'mihi
319 655 514 740 prima
535 656 779 741 querela
797 654 912 719 erit
928 702 948 731 ,
970 654 1134 739 quod
1171 666 1391 739 egens',
1434 656 1611 739 inops
1628 672 1653 723 ·‚

129 738 734 823 baptivus,alienum
753 734 944 819 'cogor
978 736 1265 802 auxilium
1304 739 1652 821 implorare.

132 826 340 887 Grave
377 820 811 905 illudingenuo
845 820 1056 884 animo
1090 868 1111 897 ‚
1156 821 1323 883 oneri
1359 823 1647 907 cuiquam

128 904 252 971 effe
270 954 291 983 ‚
333 924 656 991 antequam
677 904 864 967 fueris
878 904 996 967 usui
1021 928 1036 965 ε
1064 924 1277 967 verum
1296 904 1495 966 multo
1514 925 1649 989 gra·

129 990 266 1054 vius
284 988 366 1053 est
383 990 572 1071 ipsum
583 986 1071 1061 ‚tristiffimicasus
1083 985 1347 1070 pondus,
1382 988 1480 1071 qui
1497 1007 1600 1049 me
1618 1002 1641 1064 3

133 1078 264 1135 non
289 1071 602 1134 infelicem
623 1070 942 1148 haetenus,
981 1070 1153 1135 brevi
1179 1069 1477 1155 temporis
1506 1090 1646 1132 mo-

132 1164 353 1218 mento
372 1153 571 1217 reddit
589 1154 1077 1229 infeliciffimum.
1096 1153 1341 1218 Acerba
1363 1154 1605 1217 fortuna
1619 1200 1643 1230 ‚

135 1236 472 1303 &inimica
493 1236 703 1311 bonis,
741 1252 866 1323 quo
887 1258 988 1301 me
1005 1236 1333 1314 detrusisti?
1376 1238 1439 1300 in
1478 1234 1643 1331 quod

139 1320 438 1384 malorum
455 1320 800 1385 barathrum
822 1341 921 1383 me
937 1319 1247 1399 conjecisti
1276 1334 1299 1383 Ρ
1320 1334 1447 1413 quae
1466 1320 1578 1381 nbi
1605 1318 1643 1382 ὲ

133 1424 276 1467 mea
308 1402 528 1484 abjecti
551 1403 784 1467 homini
793 1422 820 1466 s
842 1404 1188 1466 calamitate
1211 1401 1415 1485 glonae
1446 1404 1647 1465 acces-

134 1485 217 1549 fio
231 1500 254 1547 ἓ
294 1488 426 1571 quis
440 1506 512 1551 ex
525 1486 780 1570 ignobili
803 1486 863 1548 vi
872 1484 1055 1549 &oria
1074 1486 1283 1546 titulus
1298 1482 1511 1567 sperari
1531 1505 1645 1567 po·

135 1570 300 1633 tuit?
343 1570 588 1634 Dabitis
601 1568 799 1633 dolori
819 1566 1125 1651 justiffimo
1140 1606 1160 1639 2
1186 1566 1369 1642 Viri,
1414 1587 1483 1631 ac
1506 1568 1645 1651 Do·-

131 1652 286 1716 mini
307 1652 671 1748 Ampliffimi
688 1700 710 1731 ‚
749 1650 976 1714 'dabitis
1008 1652 1403 1714 humanarum
1433 1668 1639 1718 rerum

133 1736 509 1800 viciffitudmi
528 1779 548 1812 ,
587 1733 750 1825 quod
769 1752 956 1817 pauca
970 1731 1245 1817 quaedam
1273 1753 1412 1794 cum
1430 1734 1641 1820 iniqua

129 1819 236 1882 ina
287 1819 590 1905 expostulo
621 1866 638 1894 ‚
680 1816 994 1904 paucisque
1045 1813 1389 1900 singultibus
1422 1813 1641 1896 majori

131 1903 384 1988 querelae
410 1903 688 1988 proludo.
727 1903 934 1986 Atque
953 1897 1190 1965 utinam
1214 1898 1641 1982 mixtoslacry·

134 1985 256 2048 r'nis
273 1988 574 2070 gemitus,
623 1992 689 2050 &
708 2005 779 2050 ex
798 1985 1022 2047 intimo
1051 1981 1235 2046 corde
1258 1981 1639 2046 transfunde-

133 2091 198 2132 re
218 2117 238 2144 ,
285 2070 500 2154 quibus
530 2067 713 2146 animi
749 2067 925 2131 vestri
959 2115 980 2144 ,
1009 2067 1343 2153 supplicum
1366 2065 1643 2150 precibus

130 2151 286 2214 nihil
308 2172 570 2236 unqua-m
591 2153 958 2238 denegantes
974 2198 994 2226 ‚
1021 2151 1097 2212 ad
1116 2167 1301 2232 opem
1321 2147 1472 2211 mihi
1490 2171 1642 2236 quo-

176 2255 250 2296 ue
268 2234 486 2295 misero
507 2233 820 2298 ferendam
837 2233 1151 2296 flestantur
1176 2239 1189 2294 !
1240 2235 1303 2297 N
1306 2253 1387 2308 on
1430 2245 1639 2297 autem'

131 2257 213 2380 de
231 2338 330 2379 me
349 2316 608 2381 maxime
625 2317 913 2381 sollicitus
929 2318 1131 2380 vestris
1156 2316 1410 2401 genibus
1426 2317 1641 2380 advol-

131 2420 284 2464 vor:
329 2402 531 2480 major'
556 2410 656 2464 m‘e
686 2419 826 2482 eura
860 2417 1147 2482 torquet,
1194 2403 1261 2462 δε
1300 2404 1471 2484 angit
1506 2400 1638 2461 ani-

133 2501 307 2546 mum
340 2481 608 2562 penitior
635 2483 850 2554 dolor,
894 2481 1129 2562 quoties
1164 2481 1438 2541 cariffimi
1476 2481 1639 2562 capi-

131 2565 218 2628 tis
245 2605 265 2640 ‚
305 2562 520 2627 matris
553 2583 705 2624 meae
759 2559 1132 2632 reminiscor,
1195 2563 1391 2633 Huius
1423 2561 1635 2624 laniati

131 2648 442 2722 finus‚÷&
463 2635 700 2708 sordida
731 2639 949 2722 facia,
993 2643 1219 2725 pellunt
1234 2643 1309 2705 ab
1333 2643 1524 2706 oculis
1543 2647 1637 2706 so·

178 2751 350 2792 orem
379 2776 402 2800 ,
451 2733 519 2793 δε
556 2728 596 2792 fi
623 2729 923 2792 malorum
954 2727 1057 2791 ille
1091 2727 1367 2790 domitor
1395 2727 1637 2794 somnus

132 2752 400 2879 grevem
417 2811 772 2910 quandoque
793 2833 958 2896 aegrae
989 2809 1180 2873 menti
1200 2810 1470 2896 requiem
1493 2832 1639 2906 prae-

131 2896 242 2960 bet
263 2946 284 2975 ‚
328 2897 555 2961 moesta
601 2896 757 2959 mihi
785 2894 1076 2958 continuo
1104 2893 1312 2958 aflietae
1336 2915 1549 2957 matus
1568 2917 1638 2957 a-

131 2978 274 3044 nilis
308 2981 914 3063 obversaturirnago‚
952 2982 1125 3062 'suam
1159 2993 1478 3064 meamque
1513 2979 1641 3040 sor-
1682 2989 1687 2992 ·

131 3069 268 3130 tem'
281 3063 672 3152 deplorantis.
699 3061 1038 3211 Sintzffiiffi
1079 3057 1237 3147 ‘quos'
1248 3061 1487 3134 eadem,
1509 3077 1639 3139 quae

177 3165 184 3172 ·
259 3165 271 3171 ·
967 3163 1006 3208 2
1496 3157 1637 3213 me,
