<?xml version="1.0" encoding="UTF-8"?>
<!DOCTYPE html PUBLIC "-//W3C//DTD XHTML 1.0 Transitional//EN"
    "http://www.w3.org/TR/xhtml1/DTD/xhtml1-transitional.dtd">
<html xmlns="http://www.w3.org/1999/xhtml" xml:lang="en" lang="en">
 <head>
  <title>
</title>
<meta http-equiv="Content-Type" content="text/html;charset=utf-8" />
  <meta name='ocr-system' content='tesseract 3.04.00' />
  <meta name='ocr-capabilities' content='ocr_page ocr_carea ocr_par ocr_line ocrx_word'/>
</head>
<body>
  <div class='ocr_page' id='page_1' title='image "./jacobitoliifort00tollgoog_0272.png"; bbox 0 0 2159 3425; ppageno 0'>
   <div class='ocr_carea' id='block_1_1' title="bbox 0 247 1964 3078">
    <p class='ocr_par' dir='ltr' id='par_1_1' title="bbox 172 247 1750 502">
     <span class='ocr_line' id='line_1_1' title="bbox 185 247 1698 336; baseline -0.005 -17"><span class='ocrx_word' id='word_1_1' title='bbox 185 256 208 319; x_wconf 85' lang='lat' dir='ltr'>i</span> <span class='ocrx_word' id='word_1_2' title='bbox 274 271 377 318; x_wconf 76' lang='lat' dir='ltr'>am</span> <span class='ocrx_word' id='word_1_3' title='bbox 407 257 631 318; x_wconf 62' lang='lat' dir='ltr'>Venerem</span> <span class='ocrx_word' id='word_1_4' title='bbox 655 249 966 336; x_wconf 70' lang='lat' dir='ltr'>‘ignorent&#39;-</span> <span class='ocrx_word' id='word_1_5' title='bbox 1068 249 1189 316; x_wconf 88' lang='lat' dir='ltr'>Sed</span> <span class='ocrx_word' id='word_1_6' title='bbox 1231 249 1556 336; x_wconf 72' lang='lat' dir='ltr'>respiciant</span> <span class='ocrx_word' id='word_1_7' title='bbox 1593 247 1698 328; x_wconf 73' lang='lat' dir='ltr'>illi</span> 
     </span>
     <span class='ocr_line' id='line_1_2' title="bbox 188 333 1750 423; baseline -0.003 -21"><span class='ocrx_word' id='word_1_8' title='bbox 188 338 455 423; x_wconf 75' lang='lat' dir='ltr'>primum</span> <span class='ocrx_word' id='word_1_9' title='bbox 471 333 687 397; x_wconf 81' lang='lat' dir='ltr'>harum</span> <span class='ocrx_word' id='word_1_10' title='bbox 725 333 1417 420; x_wconf 52' lang='lat' dir='ltr'>menbrationqucaput.</span> <span class='ocrx_word' id='word_1_11' title='bbox 1468 333 1605 398; x_wconf 81' lang='lat' dir='ltr'>lllic</span> <span class='ocrx_word' id='word_1_12' title='bbox 1624 353 1691 398; x_wconf 84' lang='lat' dir='ltr'>e-</span> <span class='ocrx_word' id='word_1_13' title='bbox 1743 402 1750 408; x_wconf 64' lang='grc'><strong>,</strong></span> 
     </span>
     <span class='ocr_line' id='line_1_3' title="bbox 172 415 1696 502; baseline -0.003 -18"><span class='ocrx_word' id='word_1_14' title='bbox 172 421 323 484; x_wconf 78' lang='lat' dir='ltr'>&#39;nim&#39;</span> <span class='ocrx_word' id='word_1_15' title='bbox 332 431 485 482; x_wconf 67' lang='lat' dir='ltr'>‘eam</span> <span class='ocrx_word' id='word_1_16' title='bbox 498 416 797 482; x_wconf 79' lang='lat' dir='ltr'>inventuri</span> <span class='ocrx_word' id='word_1_17' title='bbox 810 419 959 484; x_wconf 86' lang='lat' dir='ltr'>sunt.</span> <span class='ocrx_word' id='word_1_18' title='bbox 1018 415 1170 502; x_wconf 81' lang='lat' dir='ltr'>Qo</span> <span class='ocrx_word' id='word_1_19' title='bbox 1187 438 1334 482; x_wconf 86' lang='lat' dir='ltr'>vero</span> <span class='ocrx_word' id='word_1_20' title='bbox 1348 415 1570 500; x_wconf 76' lang='lat' dir='ltr'>lingula</span> <span class='ocrx_word' id='word_1_21' title='bbox 1583 420 1696 495; x_wconf 60' lang='grc' dir='ltr'><em>,ωε-ζ</em></span> 
     </span>
    </p>

    <p class='ocr_par' dir='ltr' id='par_1_2' title="bbox 88 496 1700 588">
     <span class='ocr_line' id='line_1_4' title="bbox 88 496 1700 588; baseline -0.002 -21"><span class='ocrx_word' id='word_1_22' title='bbox 88 517 97 526; x_wconf 94' lang='grc'><em>“</em></span> <span class='ocrx_word' id='word_1_23' title='bbox 176 531 189 544; x_wconf 82' lang='lat'><strong>·</strong></span> <span class='ocrx_word' id='word_1_24' title='bbox 238 504 458 567; x_wconf 83' lang='lat' dir='ltr'>nitiora</span> <span class='ocrx_word' id='word_1_25' title='bbox 489 499 625 577; x_wconf 78' lang='lat' dir='ltr'>fint,</span> <span class='ocrx_word' id='word_1_26' title='bbox 664 501 901 588; x_wconf 84' lang='lat' dir='ltr'>ipsaque</span> <span class='ocrx_word' id='word_1_27' title='bbox 919 499 1318 566; x_wconf 83' lang='lat' dir='ltr'>adeo·natura</span> <span class='ocrx_word' id='word_1_28' title='bbox 1348 497 1536 586; x_wconf 82' lang='lat' dir='ltr'>reguli</span> <span class='ocrx_word' id='word_1_29' title='bbox 1556 496 1700 564; x_wconf 64' lang='lat' dir='ltr'>stela*</span> 
     </span>
    </p>

    <p class='ocr_par' dir='ltr' id='par_1_3' title="bbox 0 528 1914 1750">
     <span class='ocr_line' id='line_1_5' title="bbox 0 528 1914 733; baseline -0.003 -83"><span class='ocrx_word' id='word_1_30' title='bbox 0 528 5 733; x_wconf 59' lang='lat'><em>&#39;</em></span> <span class='ocrx_word' id='word_1_31' title='bbox 124 622 131 628; x_wconf 95' lang='lat'><em>·</em></span> <span class='ocrx_word' id='word_1_32' title='bbox 186 585 308 650; x_wconf 84' lang='lat' dir='ltr'>·ati</span> <span class='ocrx_word' id='word_1_33' title='bbox 339 582 555 647; x_wconf 82' lang='lat' dir='ltr'>melius</span> <span class='ocrx_word' id='word_1_34' title='bbox 588 585 995 668; x_wconf 86' lang='lat' dir='ltr'>percipiatur,</span> <span class='ocrx_word' id='word_1_35' title='bbox 1035 604 1070 646; x_wconf 90' lang='lat' dir='ltr'>e</span> <span class='ocrx_word' id='word_1_36' title='bbox 1096 585 1406 668; x_wconf 60' lang='lat' dir='ltr'>Beckeri),</span> <span class='ocrx_word' id='word_1_37' title='bbox 1449 581 1696 646; x_wconf 83' lang='lat' dir='ltr'>Tache-</span> <span class='ocrx_word' id='word_1_38' title='bbox 1719 577 1812 612; x_wconf 61' lang='lat'>&#39;³³⁹³</span> <span class='ocrx_word' id='word_1_39' title='bbox 1839 577 1914 608; x_wconf 72' lang='lat'>‘³‘</span> 
     </span>
     <span class='ocr_line' id='line_1_6' title="bbox 194 665 1810 751; baseline -0.001 -20"><span class='ocrx_word' id='word_1_40' title='bbox 194 669 335 742; x_wconf 80' lang='lat' dir='ltr'>nie,</span> <span class='ocrx_word' id='word_1_41' title='bbox 370 665 617 751; x_wconf 83' lang='lat' dir='ltr'>aliisque</span> <span class='ocrx_word' id='word_1_42' title='bbox 639 667 921 730; x_wconf 81' lang='lat' dir='ltr'>non&#39;nulla&#39;</span> <span class='ocrx_word' id='word_1_43' title='bbox 950 668 1067 730; x_wconf 89' lang='lat' dir='ltr'>huc</span> <span class='ocrx_word' id='word_1_44' title='bbox 1099 665 1385 730; x_wconf 82' lang='lat' dir='ltr'>facientia</span> <span class='ocrx_word' id='word_1_45' title='bbox 1415 686 1697 750; x_wconf 83' lang='lat' dir='ltr'>excerpe-</span> <span class='ocrx_word' id='word_1_46' title='bbox 1799 665 1810 680; x_wconf 86' lang='lat'><strong><em>‘</em></strong></span> 
     </span>
     <span class='ocr_line' id='line_1_7' title="bbox 198 745 1704 836; baseline -0.001 -21"><span class='ocrx_word' id='word_1_47' title='bbox 198 765 353 816; x_wconf 75' lang='lat' dir='ltr'>mus.</span> <span class='ocrx_word' id='word_1_48' title='bbox 414 749 649 814; x_wconf 80' lang='lat' dir='ltr'>Omnia</span> <span class='ocrx_word' id='word_1_49' title='bbox 666 750 1007 822; x_wconf 72' lang='lat' dir='ltr'>minei-alia,</span> <span class='ocrx_word' id='word_1_50' title='bbox 1046 749 1436 836; x_wconf 83' lang='lat' dir='ltr'>cujuscunque</span> <span class='ocrx_word' id='word_1_51' title='bbox 1463 749 1574 814; x_wconf 80' lang='lat' dir='ltr'>fint</span> <span class='ocrx_word' id='word_1_52' title='bbox 1589 745 1704 833; x_wconf 77' lang='lat' dir='ltr'>ge-&#39;-¹</span> 
     </span>
     <span class='ocr_line' id='line_1_8' title="bbox 192 831 1766 919; baseline 0.002 -22"><span class='ocrx_word' id='word_1_53' title='bbox 192 834 392 910; x_wconf 63' lang='grc' dir='ltr'>«πει-ῖς,</span> <span class='ocrx_word' id='word_1_54' title='bbox 438 851 569 919; x_wconf 77' lang='lat' dir='ltr'>quae</span> <span class='ocrx_word' id='word_1_55' title='bbox 586 833 890 898; x_wconf 82' lang='lat' dir='ltr'>metallica</span> <span class='ocrx_word' id='word_1_56' title='bbox 918 833 1172 918; x_wconf 78' lang='lat' dir='ltr'>corpora</span> <span class='ocrx_word' id='word_1_57' title='bbox 1209 833 1486 897; x_wconf 84' lang='lat' dir='ltr'>absconsa</span> <span class='ocrx_word' id='word_1_58' title='bbox 1504 831 1699 898; x_wconf 86' lang='lat' dir='ltr'>conti-&#39;-</span> <span class='ocrx_word' id='word_1_59' title='bbox 1757 887 1766 900; x_wconf 77' lang='grc'>.</span> 
     </span>
     <span class='ocr_line' id='line_1_9' title="bbox 199 915 1701 1000; baseline -0.001 -20"><span class='ocrx_word' id='word_1_60' title='bbox 199 935 387 993; x_wconf 85' lang='lat' dir='ltr'>nent,</span> <span class='ocrx_word' id='word_1_61' title='bbox 416 915 706 996; x_wconf 64' lang='lat' dir='ltr'>‘adjuncta</span> <span class='ocrx_word' id='word_1_62' title='bbox 761 916 983 980; x_wconf 85' lang='lat' dir='ltr'>habent</span> <span class='ocrx_word' id='word_1_63' title='bbox 1012 917 1190 982; x_wconf 89' lang='lat' dir='ltr'>acida</span> <span class='ocrx_word' id='word_1_64' title='bbox 1223 959 1246 994; x_wconf 89' lang='lat'>,</span> <span class='ocrx_word' id='word_1_65' title='bbox 1283 916 1557 1000; x_wconf 85' lang='lat' dir='ltr'>sulphura</span> <span class='ocrx_word' id='word_1_66' title='bbox 1603 915 1701 978; x_wconf 65' lang='lat' dir='ltr'>nia·</span> 
     </span>
     <span class='ocr_line' id='line_1_10' title="bbox 200 998 1821 1088; baseline -0.001 -25"><span class='ocrx_word' id='word_1_67' title='bbox 200 1001 430 1063; x_wconf 85' lang='lat' dir='ltr'>mirum</span> <span class='ocrx_word' id='word_1_68' title='bbox 446 998 649 1074; x_wconf 58' lang='lat' dir='ltr'>varim</span> <span class='ocrx_word' id='word_1_69' title='bbox 672 1018 801 1083; x_wconf 76' lang='lat' dir='ltr'>quae</span> <span class='ocrx_word' id='word_1_70' title='bbox 821 1001 1155 1084; x_wconf 88' lang='lat' dir='ltr'>impediunt</span> <span class='ocrx_word' id='word_1_71' title='bbox 1163 1021 1194 1079; x_wconf 87' lang='lat'>·,</span> <span class='ocrx_word' id='word_1_72' title='bbox 1214 1020 1335 1088; x_wconf 90' lang='lat' dir='ltr'>quo</span> <span class='ocrx_word' id='word_1_73' title='bbox 1351 1000 1552 1062; x_wconf 86' lang='lat' dir='ltr'>minus</span> <span class='ocrx_word' id='word_1_74' title='bbox 1564 1005 1704 1062; x_wconf 48' lang='lat' dir='ltr'>med</span> <span class='ocrx_word' id='word_1_75' title='bbox 1812 1033 1821 1046; x_wconf 84' lang='lat'><strong>·</strong></span> 
     </span>
     <span class='ocr_line' id='line_1_11' title="bbox 204 1077 1702 1166; baseline -0.003 -17"><span class='ocrx_word' id='word_1_76' title='bbox 204 1082 414 1149; x_wconf 73' lang='lat' dir='ltr'>tanum</span> <span class='ocrx_word' id='word_1_77' title='bbox 430 1085 507 1144; x_wconf 82' lang='lat' dir='ltr'>ab</span> <span class='ocrx_word' id='word_1_78' title='bbox 541 1077 891 1165; x_wconf 86' lang='lat' dir='ltr'>impuritate</span> <span class='ocrx_word' id='word_1_79' title='bbox 934 1084 1282 1149; x_wconf 82' lang='lat' dir='ltr'>fodinamm</span> <span class='ocrx_word' id='word_1_80' title='bbox 1316 1081 1550 1147; x_wconf 85' lang='lat' dir='ltr'>liberari</span> <span class='ocrx_word' id='word_1_81' title='bbox 1565 1081 1702 1166; x_wconf 86' lang='lat' dir='ltr'>pos-</span> 
     </span>
     <span class='ocr_line' id='line_1_12' title="bbox 202 1159 1707 1254; baseline -0.001 -25"><span class='ocrx_word' id='word_1_82' title='bbox 202 1163 291 1231; x_wconf 78' lang='lat' dir='ltr'>fit.</span> <span class='ocrx_word' id='word_1_83' title='bbox 384 1165 521 1230; x_wconf 88' lang='lat' dir='ltr'>Hac</span> <span class='ocrx_word' id='word_1_84' title='bbox 561 1165 627 1228; x_wconf 83' lang='lat' dir='ltr'>in</span> <span class='ocrx_word' id='word_1_85' title='bbox 672 1165 1031 1232; x_wconf 85' lang='lat' dir='ltr'>difficultate</span> <span class='ocrx_word' id='word_1_86' title='bbox 1073 1159 1546 1254; x_wconf 73' lang='lat' dir='ltr'>coiifngiendum</span> <span class='ocrx_word' id='word_1_87' title='bbox 1593 1183 1707 1229; x_wconf 86' lang='lat' dir='ltr'>ne-</span> 
     </span>
     <span class='ocr_line' id='line_1_13' title="bbox 200 1247 1706 1336; baseline -0.001 -22"><span class='ocrx_word' id='word_1_88' title='bbox 200 1247 446 1314; x_wconf 72' lang='lat' dir='ltr'>cenario</span> <span class='ocrx_word' id='word_1_89' title='bbox 466 1247 549 1312; x_wconf 88' lang='lat' dir='ltr'>est</span> <span class='ocrx_word' id='word_1_90' title='bbox 577 1247 651 1312; x_wconf 86' lang='lat' dir='ltr'>ad</span> <span class='ocrx_word' id='word_1_91' title='bbox 688 1250 935 1327; x_wconf 85' lang='lat' dir='ltr'>alcalia,</span> <span class='ocrx_word' id='word_1_92' title='bbox 976 1273 1106 1336; x_wconf 83' lang='lat' dir='ltr'>quae</span> <span class='ocrx_word' id='word_1_93' title='bbox 1137 1253 1400 1316; x_wconf 87' lang='lat' dir='ltr'>celerem</span> <span class='ocrx_word' id='word_1_94' title='bbox 1431 1267 1550 1332; x_wconf 80' lang='lat' dir='ltr'>prae</span> <span class='ocrx_word' id='word_1_95' title='bbox 1597 1265 1706 1312; x_wconf 83' lang='lat' dir='ltr'>ant</span> 
     </span>
     <span class='ocr_line' id='line_1_14' title="bbox 205 1329 1705 1416; baseline 0 -22"><span class='ocrx_word' id='word_1_96' title='bbox 205 1351 407 1416; x_wconf 89' lang='lat' dir='ltr'>opem.</span> <span class='ocrx_word' id='word_1_97' title='bbox 456 1332 621 1396; x_wconf 84' lang='lat' dir='ltr'>Hinc</span> <span class='ocrx_word' id='word_1_98' title='bbox 652 1331 894 1396; x_wconf 75' lang='lat' dir='ltr'>additur</span> <span class='ocrx_word' id='word_1_99' title='bbox 922 1335 1266 1397; x_wconf 89' lang='lat' dir='ltr'>antimonio</span> <span class='ocrx_word' id='word_1_100' title='bbox 1299 1329 1544 1410; x_wconf 85' lang='lat' dir='ltr'>chalybs</span> <span class='ocrx_word' id='word_1_101' title='bbox 1557 1349 1705 1394; x_wconf 84' lang='lat' dir='ltr'>cum</span> 
     </span>
     <span class='ocr_line' id='line_1_15' title="bbox 204 1414 1705 1499; baseline -0.002 -23"><span class='ocrx_word' id='word_1_102' title='bbox 204 1432 433 1478; x_wconf 80' lang='lat' dir='ltr'>tartaro</span> <span class='ocrx_word' id='word_1_103' title='bbox 446 1435 519 1479; x_wconf 87' lang='lat' dir='ltr'>ac</span> <span class='ocrx_word' id='word_1_104' title='bbox 534 1417 651 1480; x_wconf 85' lang='lat' dir='ltr'>sale</span> <span class='ocrx_word' id='word_1_105' title='bbox 666 1435 852 1499; x_wconf 76' lang='lat' dir='ltr'>petrae</span> <span class='ocrx_word' id='word_1_106' title='bbox 870 1438 885 1475; x_wconf 72' lang='grc' dir='ltr'><em>ε</em></span> <span class='ocrx_word' id='word_1_107' title='bbox 926 1416 1090 1498; x_wconf 88' lang='lat' dir='ltr'>quod</span> <span class='ocrx_word' id='word_1_108' title='bbox 1108 1436 1246 1482; x_wconf 87' lang='lat' dir='ltr'>cum</span> <span class='ocrx_word' id='word_1_109' title='bbox 1262 1414 1583 1494; x_wconf 79' lang='lat' dir='ltr'>a&#39;sulphure</span> <span class='ocrx_word' id='word_1_110' title='bbox 1596 1431 1705 1474; x_wconf 89' lang='lat' dir='ltr'>ac-</span> 
     </span>
     <span class='ocr_line' id='line_1_16' title="bbox 208 1496 1703 1585; baseline -0.001 -25"><span class='ocrx_word' id='word_1_111' title='bbox 208 1496 485 1561; x_wconf 82' lang='lat' dir='ltr'>cenditur</span> <span class='ocrx_word' id='word_1_112' title='bbox 504 1546 525 1576; x_wconf 91' lang='lat'>,</span> <span class='ocrx_word' id='word_1_113' title='bbox 564 1515 673 1585; x_wconf 86' lang='lat' dir='ltr'>pro</span> <span class='ocrx_word' id='word_1_114' title='bbox 688 1515 856 1582; x_wconf 89' lang='lat' dir='ltr'>parte</span> <span class='ocrx_word' id='word_1_115' title='bbox 874 1497 1194 1582; x_wconf 82' lang='lat' dir='ltr'>deflagrat,</span> <span class='ocrx_word' id='word_1_116' title='bbox 1233 1516 1368 1580; x_wconf 89' lang='lat' dir='ltr'>pars</span> <span class='ocrx_word' id='word_1_117' title='bbox 1383 1515 1528 1573; x_wconf 83' lang='lat' dir='ltr'>verQ</span> <span class='ocrx_word' id='word_1_118' title='bbox 1557 1513 1703 1558; x_wconf 84' lang='lat' dir='ltr'>cum</span> 
     </span>
     <span class='ocr_line' id='line_1_17' title="bbox 204 1575 1706 1646; baseline -0.003 -4"><span class='ocrx_word' id='word_1_119' title='bbox 204 1597 435 1644; x_wconf 72' lang='lat' dir='ltr'>tartaro</span> <span class='ocrx_word' id='word_1_120' title='bbox 468 1581 533 1644; x_wconf 87' lang='lat' dir='ltr'>in</span> <span class='ocrx_word' id='word_1_121' title='bbox 548 1581 724 1644; x_wconf 84' lang='lat' dir='ltr'>alcali</span> <span class='ocrx_word' id='word_1_122' title='bbox 754 1581 1024 1646; x_wconf 84' lang='lat' dir='ltr'>vertitur.</span> <span class='ocrx_word' id='word_1_123' title='bbox 1117 1579 1220 1644; x_wconf 89' lang='lat' dir='ltr'>Ab</span> <span class='ocrx_word' id='word_1_124' title='bbox 1254 1579 1372 1643; x_wconf 90' lang='lat' dir='ltr'>hoc</span> <span class='ocrx_word' id='word_1_125' title='bbox 1399 1575 1706 1642; x_wconf 84' lang='lat' dir='ltr'>alcaliab-</span> 
     </span>
     <span class='ocr_line' id='line_1_18' title="bbox 206 1659 1705 1750; baseline -0.001 -23"><span class='ocrx_word' id='word_1_126' title='bbox 206 1659 481 1727; x_wconf 78' lang='lat' dir='ltr'>sorbetur</span> <span class='ocrx_word' id='word_1_127' title='bbox 504 1683 687 1726; x_wconf 87' lang='lat' dir='ltr'>omne</span> <span class='ocrx_word' id='word_1_128' title='bbox 734 1661 1005 1740; x_wconf 86' lang='lat' dir='ltr'>acidum,</span> <span class='ocrx_word' id='word_1_129' title='bbox 1056 1663 1306 1750; x_wconf 89' lang='lat' dir='ltr'>quicum</span> <span class='ocrx_word' id='word_1_130' title='bbox 1329 1659 1474 1727; x_wconf 83' lang='lat' dir='ltr'>alias</span> <span class='ocrx_word' id='word_1_131' title='bbox 1501 1659 1705 1726; x_wconf 79' lang='lat' dir='ltr'>omnis</span> 
     </span>
    </p>

    <p class='ocr_par' dir='ltr' id='par_1_4' title="bbox 204 1741 1709 1832">
     <span class='ocr_line' id='line_1_19' title="bbox 204 1741 1709 1832; baseline 0 -25"><span class='ocrx_word' id='word_1_132' title='bbox 204 1744 532 1807; x_wconf 76' lang='lat' dir='ltr'>antimonii</span> <span class='ocrx_word' id='word_1_133' title='bbox 559 1744 897 1809; x_wconf 78' lang='lat' dir='ltr'>Mercurius</span> <span class='ocrx_word' id='word_1_134' title='bbox 914 1791 931 1818; x_wconf 88' lang='lat'>‚</span> <span class='ocrx_word' id='word_1_135' title='bbox 976 1748 1073 1832; x_wconf 91' lang='lat' dir='ltr'>qui</span> <span class='ocrx_word' id='word_1_136' title='bbox 1091 1744 1403 1811; x_wconf 75' lang='lat' dir='ltr'>metallum</span> <span class='ocrx_word' id='word_1_137' title='bbox 1419 1742 1574 1825; x_wconf 47' lang='lat' dir='ltr'>ejusg</span> <span class='ocrx_word' id='word_1_138' title='bbox 1595 1741 1709 1827; x_wconf 56' lang='lat' dir='ltr'>aas„</span> 
     </span>
    </p>

    <p class='ocr_par' dir='ltr' id='par_1_5' title="bbox 210 1824 1705 1914">
     <span class='ocr_line' id='line_1_20' title="bbox 210 1824 1705 1914; baseline -0.002 -21"><span class='ocrx_word' id='word_1_139' title='bbox 210 1825 483 1914; x_wconf 82' lang='lat' dir='ltr'>fugeret:</span> <span class='ocrx_word' id='word_1_140' title='bbox 518 1824 619 1891; x_wconf 88' lang='lat' dir='ltr'>sed</span> <span class='ocrx_word' id='word_1_141' title='bbox 662 1826 773 1890; x_wconf 90' lang='lat' dir='ltr'>hac</span> <span class='ocrx_word' id='word_1_142' title='bbox 810 1828 905 1893; x_wconf 85' lang='lat' dir='ltr'>via</span> <span class='ocrx_word' id='word_1_143' title='bbox 934 1876 953 1905; x_wconf 93' lang='lat'>,</span> <span class='ocrx_word' id='word_1_144' title='bbox 1011 1828 1334 1913; x_wconf 85' lang='lat' dir='ltr'>adjuvante</span> <span class='ocrx_word' id='word_1_145' title='bbox 1382 1827 1705 1913; x_wconf 86' lang='lat' dir='ltr'>&#39;cumpluri-</span> 
     </span>
    </p>

    <p class='ocr_par' dir='ltr' id='par_1_6' title="bbox 211 1909 1836 1992">
     <span class='ocr_line' id='line_1_21' title="bbox 211 1909 1836 1992; baseline -0.007 -9"><span class='ocrx_word' id='word_1_146' title='bbox 211 1930 385 1975; x_wconf 81' lang='lat' dir='ltr'>mum</span> <span class='ocrx_word' id='word_1_147' title='bbox 412 1911 623 1975; x_wconf 80' lang='lat' dir='ltr'>martis</span> <span class='ocrx_word' id='word_1_148' title='bbox 636 1909 912 1976; x_wconf 80' lang='lat' dir='ltr'>limatura</span> <span class='ocrx_word' id='word_1_149' title='bbox 937 1956 956 1982; x_wconf 84' lang='lat'>‚</span> <span class='ocrx_word' id='word_1_150' title='bbox 997 1914 1290 1981; x_wconf 84' lang='lat' dir='ltr'>exsolutus</span> <span class='ocrx_word' id='word_1_151' title='bbox 1309 1909 1596 1977; x_wconf 80' lang='lat' dir='ltr'>liberatus</span> <span class='ocrx_word' id='word_1_152' title='bbox 1626 1930 1743 1992; x_wconf 41' lang='lat' dir='ltr'>ue,</span> <span class='ocrx_word' id='word_1_153' title='bbox 1797 1960 1836 1972; x_wconf 87' lang='lat'>..</span> 
     </span>
    </p>

    <p class='ocr_par' dir='ltr' id='par_1_7' title="bbox 212 1992 1914 2078">
     <span class='ocr_line' id='line_1_22' title="bbox 212 1992 1914 2078; baseline -0.001 -21"><span class='ocrx_word' id='word_1_154' title='bbox 212 1992 389 2059; x_wconf 72' lang='lat' dir='ltr'>acido</span> <span class='ocrx_word' id='word_1_155' title='bbox 413 1997 521 2058; x_wconf 85' lang='lat' dir='ltr'>suo</span> <span class='ocrx_word' id='word_1_156' title='bbox 547 1995 822 2078; x_wconf 86' lang='lat' dir='ltr'>sulphure</span> <span class='ocrx_word' id='word_1_157' title='bbox 847 1996 1192 2061; x_wconf 87' lang='lat' dir='ltr'>Antimonii</span> <span class='ocrx_word' id='word_1_158' title='bbox 1224 1993 1560 2061; x_wconf 83' lang='lat' dir='ltr'>Mercurius</span> <span class='ocrx_word' id='word_1_159' title='bbox 1637 2012 1702 2055; x_wconf 91' lang='lat' dir='ltr'>e-</span> <span class='ocrx_word' id='word_1_160' title='bbox 1861 2030 1868 2037; x_wconf 85' lang='lat'><strong>·</strong></span> <span class='ocrx_word' id='word_1_161' title='bbox 1906 2030 1914 2037; x_wconf 91' lang='lat'><strong>·</strong></span> 
     </span>
    </p>

    <p class='ocr_par' dir='ltr' id='par_1_8' title="bbox 214 2073 1964 2225">
     <span class='ocr_line' id='line_1_23' title="bbox 214 2073 1964 2225; baseline 0.002 -86"><span class='ocrx_word' id='word_1_162' title='bbox 214 2073 393 2151; x_wconf 81' lang='lat' dir='ltr'><strong>cidit,</strong></span> <span class='ocrx_word' id='word_1_163' title='bbox 435 2078 709 2225; x_wconf 50' lang='lat' dir='ltr'>petitffiie</span> <span class='ocrx_word' id='word_1_164' title='bbox 732 2077 1002 2145; x_wconf 74' lang='lat' dir='ltr'>fundum.</span> <span class='ocrx_word' id='word_1_165' title='bbox 1064 2082 1227 2149; x_wconf 81' lang='lat' dir='ltr'>Vel,</span> <span class='ocrx_word' id='word_1_166' title='bbox 1265 2093 1334 2143; x_wconf 86' lang='lat' dir='ltr'>ut</span> <span class='ocrx_word' id='word_1_167' title='bbox 1346 2078 1450 2142; x_wconf 89' lang='lat' dir='ltr'>alii</span> <span class='ocrx_word' id='word_1_168' title='bbox 1467 2075 1698 2142; x_wconf 77' lang='lat' dir='ltr'>volunt.</span> <span class='ocrx_word' id='word_1_169' title='bbox 1777 2137 1783 2145; x_wconf 87' lang='lat'><strong><em>.</em></strong></span> <span class='ocrx_word' id='word_1_170' title='bbox 1895 2096 1916 2126; x_wconf 87' lang='lat'>-·</span> <span class='ocrx_word' id='word_1_171' title='bbox 1935 2094 1964 2125; x_wconf 53' lang='grc' dir='ltr'>’τ</span> 
     </span>
    </p>

    <p class='ocr_par' dir='ltr' id='par_1_9' title="bbox 214 2160 1958 2245">
     <span class='ocr_line' id='line_1_24' title="bbox 214 2160 1958 2245; baseline 0.001 -24"><span class='ocrx_word' id='word_1_172' title='bbox 214 2160 533 2224; x_wconf 77' lang='lat' dir='ltr'>arsenieale</span> <span class='ocrx_word' id='word_1_173' title='bbox 648 2161 789 2225; x_wconf 80' lang='lat' dir='ltr'>artis</span> <span class='ocrx_word' id='word_1_174' title='bbox 816 2182 889 2227; x_wconf 88' lang='lat' dir='ltr'>ac</span> <span class='ocrx_word' id='word_1_175' title='bbox 921 2163 1178 2245; x_wconf 87' lang='lat' dir='ltr'>ipsorum</span> <span class='ocrx_word' id='word_1_176' title='bbox 1208 2162 1421 2227; x_wconf 86' lang='lat' dir='ltr'>salium</span> <span class='ocrx_word' id='word_1_177' title='bbox 1462 2160 1703 2245; x_wconf 79' lang='lat' dir='ltr'>sulphur</span> <span class='ocrx_word' id='word_1_178' title='bbox 1773 2188 1780 2197; x_wconf 95' lang='lat'><em>·</em></span> <span class='ocrx_word' id='word_1_179' title='bbox 1893 2190 1900 2195; x_wconf 95' lang='lat'>·</span> <span class='ocrx_word' id='word_1_180' title='bbox 1951 2164 1958 2171; x_wconf 82' lang='grc'><em>“</em></span> 
     </span>
    </p>

    <p class='ocr_par' dir='ltr' id='par_1_10' title="bbox 213 2241 1706 2330">
     <span class='ocr_line' id='line_1_25' title="bbox 213 2241 1706 2330; baseline 0.001 -26"><span class='ocrx_word' id='word_1_181' title='bbox 213 2241 429 2327; x_wconf 74' lang='lat' dir='ltr'>arripit</span> <span class='ocrx_word' id='word_1_182' title='bbox 458 2262 782 2329; x_wconf 85' lang='lat' dir='ltr'>cognatum</span> <span class='ocrx_word' id='word_1_183' title='bbox 820 2248 1057 2330; x_wconf 87' lang='lat' dir='ltr'>sulphur</span> <span class='ocrx_word' id='word_1_184' title='bbox 1090 2245 1452 2311; x_wconf 82' lang='lat' dir='ltr'>antimonii:</span> <span class='ocrx_word' id='word_1_185' title='bbox 1487 2246 1552 2308; x_wconf 86' lang='lat'>&amp;</span> <span class='ocrx_word' id='word_1_186' title='bbox 1585 2244 1706 2307; x_wconf 85' lang='lat' dir='ltr'>hoc</span> 
     </span>
    </p>

    <p class='ocr_par' dir='ltr' id='par_1_11' title="bbox 216 2324 1706 2413">
     <span class='ocr_line' id='line_1_26' title="bbox 216 2324 1706 2413; baseline 0 -25"><span class='ocrx_word' id='word_1_187' title='bbox 216 2324 335 2400; x_wconf 75' lang='lat' dir='ltr'>est,</span> <span class='ocrx_word' id='word_1_188' title='bbox 374 2327 539 2413; x_wconf 90' lang='lat' dir='ltr'>quod</span> <span class='ocrx_word' id='word_1_189' title='bbox 572 2327 807 2393; x_wconf 77' lang='lat' dir='ltr'>Basilius</span> <span class='ocrx_word' id='word_1_190' title='bbox 824 2330 1179 2396; x_wconf 84' lang='lat' dir='ltr'>Valentinus</span> <span class='ocrx_word' id='word_1_191' title='bbox 1197 2330 1315 2401; x_wconf 84' lang='lat' dir='ltr'>ait,</span> <span class='ocrx_word' id='word_1_192' title='bbox 1359 2328 1706 2398; x_wconf 89' lang='lat' dir='ltr'>Venenum,</span> 
     </span>
    </p>

    <p class='ocr_par' dir='ltr' id='par_1_12' title="bbox 218 2409 1964 2549">
     <span class='ocr_line' id='line_1_27' title="bbox 218 2409 1964 2549; baseline 0.002 -81"><span class='ocrx_word' id='word_1_193' title='bbox 218 2410 647 2549; x_wconf 60' lang='lat' dir='ltr'>guod&#39;veneno</span> <span class='ocrx_word' id='word_1_194' title='bbox 679 2411 935 2493; x_wconf 87' lang='lat' dir='ltr'>pellitur.</span> <span class='ocrx_word' id='word_1_195' title='bbox 996 2414 1248 2476; x_wconf 89' lang='lat' dir='ltr'>Stellam</span> <span class='ocrx_word' id='word_1_196' title='bbox 1261 2412 1341 2477; x_wconf 81' lang='lat' dir='ltr'>ab</span> <span class='ocrx_word' id='word_1_197' title='bbox 1360 2409 1705 2472; x_wconf 85' lang='lat' dir='ltr'>additorurn</span> <span class='ocrx_word' id='word_1_198' title='bbox 1730 2418 1878 2475; x_wconf 70' lang='lat' dir='ltr'>clave</span> <span class='ocrx_word' id='word_1_199' title='bbox 1915 2430 1964 2473; x_wconf 80' lang='lat' dir='ltr'>x·</span> 
     </span>
    </p>

    <p class='ocr_par' dir='ltr' id='par_1_13' title="bbox 278 2487 1710 2579">
     <span class='ocr_line' id='line_1_28' title="bbox 278 2487 1710 2579; baseline 0.002 -29"><span class='ocrx_word' id='word_1_200' title='bbox 278 2489 425 2551; x_wconf 83' lang='lat' dir='ltr'>lium</span> <span class='ocrx_word' id='word_1_201' title='bbox 459 2495 639 2573; x_wconf 85' lang='lat' dir='ltr'>copia</span> <span class='ocrx_word' id='word_1_202' title='bbox 670 2492 916 2575; x_wconf 89' lang='lat' dir='ltr'>quidam</span> <span class='ocrx_word' id='word_1_203' title='bbox 935 2494 1253 2579; x_wconf 83' lang='lat' dir='ltr'>provenire</span> <span class='ocrx_word' id='word_1_204' title='bbox 1285 2487 1710 2554; x_wconf 84' lang='lat' dir='ltr'>existimarunt.</span> 
     </span>
    </p>

    <p class='ocr_par' dir='ltr' id='par_1_14' title="bbox 222 2570 1712 2653">
     <span class='ocr_line' id='line_1_29' title="bbox 222 2570 1712 2653; baseline 0.001 -19"><span class='ocrx_word' id='word_1_205' title='bbox 222 2570 498 2635; x_wconf 79' lang='lat' dir='ltr'>Salenim</span> <span class='ocrx_word' id='word_1_206' title='bbox 512 2590 651 2635; x_wconf 87' lang='lat' dir='ltr'>cum</span> <span class='ocrx_word' id='word_1_207' title='bbox 672 2574 939 2647; x_wconf 82' lang='lat' dir='ltr'>sulphure</span> <span class='ocrx_word' id='word_1_208' title='bbox 960 2574 1235 2653; x_wconf 63' lang='lat' dir='ltr'>{uastum</span> <span class='ocrx_word' id='word_1_209' title='bbox 1263 2570 1529 2637; x_wconf 87' lang='lat' dir='ltr'>formam</span> <span class='ocrx_word' id='word_1_210' title='bbox 1555 2571 1712 2636; x_wconf 74' lang='lat' dir='ltr'>stria·-</span> 
     </span>
    </p>

    <p class='ocr_par' dir='ltr' id='par_1_15' title="bbox 223 2654 1712 2743">
     <span class='ocr_line' id='line_1_30' title="bbox 223 2654 1712 2743; baseline 0.003 -27"><span class='ocrx_word' id='word_1_211' title='bbox 223 2672 353 2717; x_wconf 81' lang='lat' dir='ltr'>tam</span> <span class='ocrx_word' id='word_1_212' title='bbox 371 2655 638 2719; x_wconf 80' lang='lat' dir='ltr'>exhibet.</span> <span class='ocrx_word' id='word_1_213' title='bbox 724 2656 859 2743; x_wconf 87' lang='lat' dir='ltr'>Ego</span> <span class='ocrx_word' id='word_1_214' title='bbox 878 2700 894 2728; x_wconf 92' lang='lat'>‚</span> <span class='ocrx_word' id='word_1_215' title='bbox 933 2659 1078 2721; x_wconf 89' lang='lat' dir='ltr'>licet</span> <span class='ocrx_word' id='word_1_216' title='bbox 1101 2658 1219 2722; x_wconf 89' lang='lat' dir='ltr'>hoc</span> <span class='ocrx_word' id='word_1_217' title='bbox 1240 2678 1359 2719; x_wconf 89' lang='lat' dir='ltr'>non</span> <span class='ocrx_word' id='word_1_218' title='bbox 1392 2654 1661 2738; x_wconf 88' lang='lat' dir='ltr'>rejiciam</span> <span class='ocrx_word' id='word_1_219' title='bbox 1685 2705 1712 2737; x_wconf 88' lang='lat'>,</span> 
     </span>
    </p>

    <p class='ocr_par' dir='ltr' id='par_1_16' title="bbox 246 2738 1714 2899">
     <span class='ocr_line' id='line_1_31' title="bbox 250 2738 1712 2837; baseline 0 -34"><span class='ocrx_word' id='word_1_220' title='bbox 250 2817 263 2830; x_wconf 31' lang='grc' dir='ltr'>α</span> <span class='ocrx_word' id='word_1_221' title='bbox 294 2738 515 2823; x_wconf 83' lang='lat' dir='ltr'>aecipue</span> <span class='ocrx_word' id='word_1_222' title='bbox 530 2758 737 2803; x_wconf 89' lang='lat' dir='ltr'>tamen</span> <span class='ocrx_word' id='word_1_223' title='bbox 758 2744 835 2805; x_wconf 88' lang='lat' dir='ltr'>ab</span> <span class='ocrx_word' id='word_1_224' title='bbox 854 2762 1017 2837; x_wconf 41' lang='lat' dir='ltr'>aqu}</span> <span class='ocrx_word' id='word_1_225' title='bbox 1042 2738 1457 2817; x_wconf 84' lang='lat' dir='ltr'>Mercurialis,</span> <span class='ocrx_word' id='word_1_226' title='bbox 1500 2741 1598 2805; x_wconf 89' lang='lat' dir='ltr'>seu</span> <span class='ocrx_word' id='word_1_227' title='bbox 1625 2743 1712 2803; x_wconf 89' lang='lat' dir='ltr'>sa-</span> 
     </span>
     <span class='ocr_line' id='line_1_32' title="bbox 246 2820 1714 2899; baseline 0.003 -17"><span class='ocrx_word' id='word_1_228' title='bbox 246 2820 486 2885; x_wconf 77' lang='lat' dir='ltr'>isalkali</span> <span class='ocrx_word' id='word_1_229' title='bbox 517 2822 787 2888; x_wconf 87' lang='lat' dir='ltr'>volatilis</span> <span class='ocrx_word' id='word_1_230' title='bbox 819 2824 1079 2899; x_wconf 78' lang='lat' dir='ltr'>interni3</span> <span class='ocrx_word' id='word_1_231' title='bbox 1122 2823 1424 2887; x_wconf 85' lang='lat' dir='ltr'>affluentia</span> <span class='ocrx_word' id='word_1_232' title='bbox 1457 2846 1596 2889; x_wconf 88' lang='lat' dir='ltr'>cum</span> <span class='ocrx_word' id='word_1_233' title='bbox 1624 2826 1714 2889; x_wconf 85' lang='lat' dir='ltr'>lu-</span> 
     </span>
    </p>

    <p class='ocr_par' dir='ltr' id='par_1_17' title="bbox 220 2900 1720 3001">
     <span class='ocr_line' id='line_1_33' title="bbox 220 2900 1720 3001; baseline 0.001 -34"><span class='ocrx_word' id='word_1_234' title='bbox 220 2900 365 2968; x_wconf 87' lang='lat' dir='ltr'>cida</span> <span class='ocrx_word' id='word_1_235' title='bbox 378 2924 637 3001; x_wconf 83' lang='lat' dir='ltr'>puraque</span> <span class='ocrx_word' id='word_1_236' title='bbox 654 2924 809 2983; x_wconf 83' lang='lat' dir='ltr'>terra</span> <span class='ocrx_word' id='word_1_237' title='bbox 823 2907 1140 2988; x_wconf 60' lang='lat' dir='ltr'>conjuncta</span> <span class='ocrx_word' id='word_1_238' title='bbox 1155 2955 1172 2980; x_wconf 88' lang='lat'>‚</span> <span class='ocrx_word' id='word_1_239' title='bbox 1213 2929 1321 2993; x_wconf 89' lang='lat' dir='ltr'>per</span> <span class='ocrx_word' id='word_1_240' title='bbox 1340 2908 1720 2993; x_wconf 67' lang='lat' dir='ltr'>congelatioe</span> 
     </span>
    </p>

    <p class='ocr_par' dir='ltr' id='par_1_18' title="bbox 225 2973 1700 3078">
     <span class='ocr_line' id='line_1_34' title="bbox 225 2973 1700 3078; baseline -0.003 -27"><span class='ocrx_word' id='word_1_241' title='bbox 225 3006 369 3052; x_wconf 86' lang='lat' dir='ltr'>nem</span> <span class='ocrx_word' id='word_1_242' title='bbox 402 2992 554 3053; x_wconf 73' lang='lat' dir='ltr'>nasci</span> <span class='ocrx_word' id='word_1_243' title='bbox 586 2973 855 3053; x_wconf 64' lang='lat' dir='ltr'>existimo</span> <span class='ocrx_word' id='word_1_244' title='bbox 880 3012 1142 3078; x_wconf 82' lang='lat' dir='ltr'>puraque</span> <span class='ocrx_word' id='word_1_245' title='bbox 1175 3011 1334 3055; x_wconf 87' lang='lat' dir='ltr'>terra</span> <span class='ocrx_word' id='word_1_246' title='bbox 1367 2988 1700 3072; x_wconf 64' lang='lat' dir='ltr'>conjuncta,</span> 
     </span>
    </p>
   </div>
   <div class='ocr_carea' id='block_1_2' title="bbox 224 3068 1721 3161">
    <p class='ocr_par' dir='ltr' id='par_1_19' title="bbox 224 3068 1721 3161">
     <span class='ocr_line' id='line_1_35' title="bbox 224 3068 1721 3161; baseline -0.017 -6"><span class='ocrx_word' id='word_1_247' title='bbox 224 3090 337 3154; x_wconf 66' lang='lat'>905</span> <span class='ocrx_word' id='word_1_248' title='bbox 348 3072 840 3159; x_wconf 61' lang='lat' dir='ltr'>congelationem</span> <span class='ocrx_word' id='word_1_249' title='bbox 854 3074 1007 3140; x_wconf 79' lang='lat' dir='ltr'>nasci</span> <span class='ocrx_word' id='word_1_250' title='bbox 1024 3074 1299 3137; x_wconf 72' lang='lat' dir='ltr'>existimo</span> <span class='ocrx_word' id='word_1_251' title='bbox 1319 3096 1342 3140; x_wconf 66' lang='grc' dir='ltr'>ε</span> <span class='ocrx_word' id='word_1_252' title='bbox 1371 3072 1516 3139; x_wconf 83' lang='lat' dir='ltr'>ficut</span> <span class='ocrx_word' id='word_1_253' title='bbox 1531 3068 1721 3161; x_wconf 57' lang='lat' dir='ltr'>inssdej</span> 
     </span>
    </p>
   </div>
   <div class='ocr_carea' id='block_1_3' title="bbox 1004 3156 1724 3243">
    <p class='ocr_par' dir='ltr' id='par_1_20' title="bbox 1004 3156 1724 3243">
     <span class='ocr_line' id='line_1_36' title="bbox 1004 3156 1724 3243; baseline -0.029 1"><span class='ocrx_word' id='word_1_254' title='bbox 1004 3156 1151 3243; x_wconf 58' lang='grc' dir='ltr'>(λς</span> <span class='ocrx_word' id='word_1_255' title='bbox 1637 3170 1724 3215; x_wconf 79' lang='lat' dir='ltr'>c1-</span> 
     </span>
    </p>
   </div>
  </div>
 </body>
</html>
